<?xml version="1.0" encoding="UTF-8"?>
<record xmlns="http://www.loc.gov/MARC21/slim">
   <leader>00736cam a22002055  4500</leader>
   <controlfield tag="001">2787681</controlfield>
   <controlfield tag="003">NjP</controlfield>
   <controlfield tag="005">20171013181024.0</controlfield>
   <controlfield tag="008">991119s1933    ir            000 0 ara d</controlfield>
   <datafield tag="024" ind1="7" ind2=" ">
      <subfield code="a">princeton_aco004279</subfield>
      <subfield code="2">local</subfield>
   </datafield>
   <datafield ind1=" " ind2=" " tag="035">
      <subfield code="a">(OCoLC)ocm42856746</subfield>
   </datafield>
   <datafield ind1=" " ind2=" " tag="035">
      <subfield code="9">CNJ6692TS</subfield>
   </datafield>
   <datafield ind1=" " ind2=" " tag="040">
      <subfield code="a">PUL</subfield>
      <subfield code="c">PUL</subfield>
   </datafield>
   <datafield ind1="1" ind2=" " tag="100">
      <subfield code="a">Ḥāʾirī, ʻAlī ibn Zayn al-ʻĀbidīn,</subfield>
      <subfield code="d">d. 1914 or 15.</subfield>
   </datafield>
   <datafield ind1="0" ind2="3" tag="245">
      <subfield code="a">al-Shajarah al-mubārakah al-mushtaharah bi-Ilzām al-nāṣib fī ithbāt al-Ḥujjah al-ghāʾib.</subfield>
   </datafield>
   <datafield ind1=" " ind2=" " tag="260">
      <subfield code="a">Isfahan,</subfield>
      <subfield code="c">1352 [1933/4]</subfield>
   </datafield>
   <datafield ind1=" " ind2=" " tag="300">
      <subfield code="a">264 p.</subfield>
      <subfield code="c">34 cm.</subfield>
   </datafield>
   <datafield ind1=" " ind2=" " tag="546">
      <subfield code="a">In Arabic.</subfield>
   </datafield>
   <datafield ind1=" " ind2="0" tag="650">
      <subfield code="a">Mahdi.</subfield>
      <subfield code="0">http://id.loc.gov/authorities/subjects/sh85079849</subfield>
   </datafield>
   <datafield ind1=" " ind2=" " tag="945">
      <subfield code="a">F</subfield>
      <subfield code="b">1</subfield>
      <subfield code="c">2271.252063.385</subfield>
   </datafield>
   <datafield ind1=" " ind2=" " tag="911">
      <subfield code="a">20000130</subfield>
   </datafield>
   <datafield ind1="0" ind2="0" tag="852">
      <subfield code="0">3098645</subfield>
      <subfield code="b">rcppa</subfield>
      <subfield code="c">Oversize</subfield>
      <subfield code="h">BP166.93</subfield>
      <subfield code="i">.H357 1933q</subfield>
      <subfield code="x">tr fr nec</subfield>
   </datafield>
   <datafield ind1=" " ind2=" " tag="959">
      <subfield code="a">2011-06-24 14:41:45 -0500</subfield>
   </datafield>
</record>
